<record><leader>00000cas a22000007a 4500</leader><controlfield tag="001">21093085</controlfield><controlfield tag="008">900219d19371985aruwr ne      0    0eng d</controlfield><datafield ind1=" " ind2=" " tag="010"><subfield code="a">sn 90050060 </subfield></datafield><datafield ind1=" " ind2=" " tag="040"><subfield code="a">ANU</subfield><subfield code="b">eng</subfield><subfield code="c">ANU</subfield><subfield code="d">OCLCQ</subfield><subfield code="d">OCLCF</subfield><subfield code="d">OCLCO</subfield></datafield><datafield ind1=" " ind2=" " tag="042"><subfield code="a">msc</subfield></datafield><datafield ind1=" " ind2=" " tag="043"><subfield code="a">n-us-ar</subfield></datafield><datafield ind1="0" ind2="0" tag="245"><subfield code="a">Lepanto news record.</subfield></datafield><datafield ind1=" " ind2=" " tag="260"><subfield code="a">Lepanto, Poinsett County, Ark. :</subfield><subfield code="b">Guy C. Graves</subfield></datafield><datafield ind1=" " ind2=" " tag="300"><subfield code="a">v.</subfield></datafield><datafield ind1=" " ind2=" " tag="310"><subfield code="a">Weekly</subfield></datafield><datafield ind1="1" ind2=" " tag="362"><subfield code="a">Began in Aug. 1937.</subfield></datafield><datafield ind1="0" ind2=" " tag="362"><subfield code="a">-v. 47, no. 34 (Aug. 15, 1985).</subfield></datafield><datafield ind1=" " ind2=" " tag="500"><subfield code="a">Title varies slightly.</subfield></datafield><datafield ind1=" " ind2=" " tag="588"><subfield code="a">Description based on: Vol. 1, no. 2 (Sept. 3, 1937).</subfield></datafield><datafield ind1=" " ind2="0" tag="651"><subfield code="a">Lepanto (Ark.)</subfield><subfield code="v">Newspapers.</subfield></datafield><datafield ind1=" " ind2="7" tag="655"><subfield code="a">Newspapers.</subfield><subfield code="2">fast</subfield><subfield code="0">(OCoLC)fst01423814</subfield></datafield><datafield ind1=" " ind2="7" tag="651"><subfield code="a">Arkansas</subfield><subfield code="z">Lepanto.</subfield><subfield code="2">fast</subfield><subfield code="0">(OCoLC)fst01217362</subfield></datafield><datafield ind1=" " ind2=" " tag="752"><subfield code="a">United States</subfield><subfield code="b">Arkansas</subfield><subfield code="c">Poinsett</subfield><subfield code="d">Lepanto.</subfield></datafield></record>